<record xmlns:xsi="http://www.w3.org/2001/XMLSchema-instance" xmlns="http://www.loc.gov/MARC21/slim" xsi:schemaLocation="http://www.loc.gov/MARC21/slim http://www.loc.gov/standards/marcxml/schema/MARC21slim.xsd">

  <leader>00613nam a2200157   4500</leader>
  <controlfield tag="008">160504b1987    cr ||||| |||| 00| | spa d</controlfield>
  <datafield tag="090" ind1=" " ind2=" ">
    <subfield code="a">R 19.02.07 </subfield>
    <subfield code="b">67 </subfield>
  </datafield>
  <datafield ind1="2" ind2=" " tag="110">
    <subfield code="9">1703</subfield>
    <subfield code="a">Instituto de Investigación para el Mejoramiento de la Educación Costarricense</subfield>
  </datafield>
  <datafield tag="245" ind2="0" ind1="1">
    <subfield code="a">Ocho años de fecunda contribución a la educación costarricense: publicaciones</subfield>
  </datafield>
  <datafield ind1=" " ind2=" " tag="260">
    <subfield code="a">San José, Costa Rica :</subfield>
    <subfield code="b"> IIMEC,</subfield>
    <subfield code="c">1987</subfield>
  </datafield>
  <datafield ind2=" " ind1=" " tag="300">
    <subfield code="a">21 páginas</subfield>
  </datafield>
  <datafield tag="610" ind1="2" ind2="4">
    <subfield code="9">1703</subfield>
    <subfield code="a">Instituto de Investigación para el Mejoramiento de la Educación Costarricense</subfield>
  </datafield>
  <datafield ind2="4" ind1="1" tag="650">
    <subfield code="9">1485</subfield>
    <subfield code="a">BIBLIOGRAFÍAS </subfield>
  </datafield>
  <datafield ind2="4" ind1="1" tag="650">
    <subfield code="9">1</subfield>
    <subfield code="a">EDUCACIÓN</subfield>
  </datafield>
  <datafield tag="942" ind1=" " ind2=" ">
    <subfield code="2">z</subfield>
    <subfield code="c">01</subfield>
  </datafield>
  <datafield ind2=" " ind1=" " tag="999">
    <subfield code="c">3205</subfield>
    <subfield code="d">3205</subfield>
  </datafield>
</record>